<?xml version="1.0" encoding="UTF-8"?>
<collection xmlns:xsi="http://www.w3.org/2001/XMLSchema-instance" xsi:schemaLocation="http://www.loc.gov/MARC21/slim http://www.loc.gov/standards/marcxml/schema/MARC21slim.xsd" xmlns="http://www.loc.gov/MARC21/slim">
<record>
  <leader>01213cam a2200277M  4500</leader>
  <controlfield tag="001">5368048</controlfield>
  <controlfield tag="003">NNC</controlfield>
  <controlfield tag="005">20130501152547.0</controlfield>
  <controlfield tag="008">920805m19119999ua       b   u000 0 ara d</controlfield>
  <datafield tag="035" ind1=" " ind2=" ">
    <subfield code="a">(OCoLC)ocm27914472</subfield>
  </datafield>
  <datafield tag="035" ind1=" " ind2=" ">
    <subfield code="a">(NNC)5368048</subfield>
  </datafield>
  <datafield tag="040" ind1=" " ind2=" ">
    <subfield code="a">JHE</subfield>
    <subfield code="c">JHE</subfield>
    <subfield code="d">OCLCQ</subfield>
    <subfield code="d">ZCU</subfield>
  </datafield>
  <datafield tag="043" ind1=" " ind2=" ">
    <subfield code="a">f-ua---</subfield>
  </datafield>
  <datafield tag="099" ind1=" " ind2=" ">
    <subfield code="a">961</subfield>
    <subfield code="a">C123 t.30 etc.</subfield>
  </datafield>
  <datafield tag="100" ind1="1" ind2=" ">
    <subfield code="a">Maqrīzī, Aḥmad ibn ʻAlī,</subfield>
    <subfield code="d">1364-1442.</subfield>
  </datafield>
  <datafield tag="245" ind1="1" ind2="3">
    <subfield code="a">El-mawâʻiz waʾl-iʻtibâr fî dhikr el-khitat waʾl-âthâr,</subfield>
    <subfield code="c">édité par m. Gaston Wiet ...</subfield>
  </datafield>
  <datafield tag="260" ind1=" " ind2=" ">
    <subfield code="a">[Le Caire,</subfield>
    <subfield code="b">Impr. de l'Institut français d'archéologie orientale,</subfield>
    <subfield code="c">1911]-</subfield>
  </datafield>
  <datafield tag="300" ind1=" " ind2=" ">
    <subfield code="a">v.</subfield>
    <subfield code="c">36 cm.</subfield>
  </datafield>
  <datafield tag="490" ind1="1" ind2=" ">
    <subfield code="a">Mémoires publiés par les membres de l'Institut français d'archéologie orientale du Caire ;</subfield>
    <subfield code="v">t. 30, 33, 46, 49, 53</subfield>
  </datafield>
  <datafield tag="500" ind1=" " ind2=" ">
    <subfield code="a">At head of title: Taqî el-Dîn Aḥmad ibn ʻAli ibn ʻAbd-el- Qâdir ibn Muḥammad el Maqrîzî.</subfield>
  </datafield>
  <datafield tag="504" ind1=" " ind2=" ">
    <subfield code="a">Bibliography: v. 1, p. [ix]-xvi.</subfield>
  </datafield>
  <datafield tag="651" ind1=" " ind2="0">
    <subfield code="a">Egypt</subfield>
    <subfield code="x">History.</subfield>
  </datafield>
  <datafield tag="651" ind1=" " ind2="0">
    <subfield code="a">Egypt</subfield>
    <subfield code="x">Description and travel.</subfield>
  </datafield>
  <datafield tag="700" ind1="1" ind2=" ">
    <subfield code="a">Wiet, Gaston,</subfield>
    <subfield code="d">1887-1971,</subfield>
    <subfield code="e">editor.</subfield>
  </datafield>
  <datafield tag="830" ind1=" " ind2="0">
    <subfield code="a">Mémoires publiés par les membres de l'Institut français d'archéologie orientale du Caire ;</subfield>
    <subfield code="v">t. 30, 33, 46, 49, 53.</subfield>
  </datafield>
  <datafield tag="955" ind1=" " ind2=" ">
    <subfield code="b">0051710897</subfield>
    <subfield code="d">glx</subfield>
    <subfield code="e">961 C123 t.30 etc.</subfield>
    <subfield code="v">v.5</subfield>
  </datafield>
</record>
</collection>